@Misc{ Oet11,
	title = "The Not So Short Introduction to {LaTeX2e}",
	author = "T. Oetiker",
	year = "2011",
	howpublished = "\url{http://tobi.oetiker.ch/lshort/lshort.pdf}"
}

@Misc{ texlive,
	title = "{TeX Live}",
	howpublished = "\url{http://www.tug.org/texlive/}"
}

@Misc{ kile,
	title = "{K}ile - an Integrated {LaTeX} Environment",
	howpublished = "\url{http://kile.sourceforge.net/}"
}

@Misc{ emacs,
	title = "{E}macs",
	howpublished = "\url{http://www.gnu.org/software/emacs/}"
}

@Misc{ github,
	title = "{G}it{H}ub",
	howpublished = "\url{http://www.github.com}"
}

@Misc{ kbibtex,
	title = "{KBibTeX}",
	howpublished = "\url{http://home.gna.org/kbibtex/}"
}

@Electronic{ Nie10,
	title = "Szablon pracy dyplomowej",
	author = "A. Niewiadomski",
	year = "2010",
	howpublished = "\url{http://ics.p.lodz.pl/~aniewiadomski/mgr/szablon-konspekt.pdf}"
}
